
@misc{jax:sort,
title = {JAX LAX package: \lstinline{_float_to_int_for_sort}},
author = {Google},
url = {https://github.com/google/jax/blob/fc5960f2b8b7a0ef74dbae4e27c5c08ff1564cff/jax/_src/lax/lax.py#L3934}
}

@misc{torchtext:inf,
title = {PyTorch Torchtext package: \lstinline{_t5_multi_head_attention_forward}},
author = {PyTorch authors},
url = {https://github.com/pytorch/text/blob/a933cbe5a008bc2cb61d985cf5864069194157eb/torchtext/prototype/models/t5/modules.py#L236}
}

@article{kahan87,
author = {W. Kahan},
title = {Branch Cuts for Complex Elementary Functions or Much Ado About Nothing's Sign Bit},
journal = {Inst. Math. Appl. Conf. Ser. New Ser.},
year=1987,
}
@techreport{kahanthomas91,
author={W. Kahan and J. W. Thomas},
title = {Augmenting a Programming Language with Complex Arithmetic},
institution={EECS Department, University of California, Berkeley},
year = 1991
}

@techreport{ocp,
author = {P. Micikevicius and S. Oberman and P. Dubey and M. Cornea and A. Rodriguez and I. Bratt and R. Grisenthwaite and N. Jouppi and C. Chou and A. Huffman and M. Schulte and R. Wittig and D. Jani and S. Deng}, 
title = {{OCP} 8-bit Floating Point Specification ({OFP8})},
institution = {opencompute.org},
year = 2023
}

@techreport{agq,
    author = {B. Noune and P. Jones and D. Justus and D. Masters and C. Luschi},
    title = {8-bit Numerical Formats for Deep Neural Networks},
    institution = {arXiv cs.LG},
    year = 2022
}

@misc{dojo,
title = {{Tesla Dojo Technology}: A Guide to {Teslaâ€™s} Configurable Floating
Point Formats and Arithmetic},
author = {{Tesla, Inc.}},
xinstitution = {Tesla, Inc.},
year = 2023,
note = {\url{https://web.archive.org/web/20230503235751/https://tesla-cdn.thron.com/static/MXMU3S_tesla-dojo-technology_1WDVZN.pdf}}
}

@inbook{softmax,
    author = {Goodfellow, Ian and Bengio, Yoshua and Courville, Aaron },
    title = {Deep Learning},
    chapter = {6.2.2.3 Softmax Units for Multinoulli Output Distributions},
    publisher = {MIT Press},
    pages = {180-184},
    year = 2016
}
